<?xml version="1.0" encoding="UTF-8"?><collection xmlns="http://www.loc.gov/MARC21/slim"><record><leader>00375nam--2200121-i-4500</leader><controlfield tag="001">000040744</controlfield><controlfield tag="002">20161230</controlfield><controlfield tag="005">20161230201042</controlfield><controlfield tag="008">060222s1000------------r-----000-0-eng-d</controlfield><datafield ind1=" " ind2=" " tag="100"><subfield code="a">Schultz,W</subfield></datafield><datafield ind1=" " ind2=" " tag="245"><subfield code="a">Elektrische heizeinrichtungen fur industrie und gewerbe.4-te uberarbeitete auflage von obering. helmut gerber</subfield></datafield><datafield ind1=" " ind2=" " tag="260"><subfield code="a">Wurzburg, Vogel-verlag, 1958. 223 P</subfield></datafield><datafield ind1=" " ind2=" " tag="852"><subfield code="a">15420</subfield></datafield></record></collection>